<?xml version="1.0" encoding="UTF-8"?><collection xmlns="http://www.loc.gov/MARC21/slim"><record><leader>00567nam--2200217-u-4500</leader><controlfield tag="001">000050682</controlfield><controlfield tag="002">20161230</controlfield><controlfield tag="005">20161230201048</controlfield><controlfield tag="008">080312s1000------------r-----000-0-eng-d</controlfield><datafield ind1=" " ind2=" " tag="020"><subfield code="a">0-471-43957-6</subfield></datafield><datafield ind1=" " ind2=" " tag="040"><subfield code="a">IFIN-HH</subfield></datafield><datafield ind1=" " ind2=" " tag="080"><subfield code="a">621.375.9</subfield></datafield><datafield ind1="1" ind2=" " tag="100"><subfield code="a">Brignon,Arnaud and Huignard Jean-Pierre (eds.)</subfield></datafield><datafield ind1="1" ind2="0" tag="245"><subfield code="a">Phase Conjugate Laser Optics</subfield></datafield><datafield ind1=" " ind2=" " tag="260"><subfield code="a">New Jersey</subfield><subfield code="b">John Wiley</subfield><subfield code="c">2004</subfield></datafield><datafield ind1=" " ind2=" " tag="300"><subfield code="a">410 p</subfield></datafield><datafield ind1=" " ind2=" " tag="504"><subfield code="a">Includex Index</subfield></datafield><datafield ind1=" " ind2="4" tag="650"><subfield code="a">Overview of Phase Conjugation</subfield></datafield><datafield ind1=" " ind2=" " tag="845"><subfield code="a">82068</subfield></datafield><datafield ind1=" " ind2=" " tag="852"><subfield code="c">621.375.9</subfield></datafield><datafield ind1=" " ind2=" " tag="CAT"><subfield code="a">Sys</subfield><subfield code="c">20080312</subfield><subfield code="h">113717</subfield></datafield></record></collection>